@inproceedings{arrumdany2019web,
  title={Web-Based Geographic Information System (GIS) in Determining Shortest Path of MSME Medan City Using Bellman-Ford Algorithm},
  author={Arrumdany, Ayu Cahyany and Sari, Putri Perdana and Rahmadani, Paet and Lubis, Ahmadi Irhamsyah},
  booktitle={Journal of Physics: Conference Series},
  volume={1255},
  number={1},
  pages={012075},
  year={2019},
  organization={IOP Publishing}
}
@article{anam2019android,
  title={Android GIS-Based Information System Applying Dijkstra Algorithm For Finding The Nearest Tourist Spots in Sumenep District},
  author={Anam, Khairil and Yunus, Muhammad},
  journal={IJCONSIST JOURNALS},
  volume={1},
  number={1},
  pages={1--5},
  year={2019}
}
@article{ingole2013landmark,
  title={Landmark based shortest path detection by using Dijkestra Algorithm and Haversine Formula},
  author={Ingole, PV and Nichat, Mr Mangesh K},
  journal={International Journal of Engineering Research and Applications (IJERA)},
  volume={3},
  number={3},
  pages={162--165},
  year={2013}
}
@article{chopde2013landmark,
  title={Landmark based shortest path detection by using A* and Haversine formula},
  author={Chopde, Nitin R and Nichat, Mangesh K},
  journal={International Journal of Innovative Research in Computer and Communication Engineering},
  volume={1},
  number={2},
  pages={298--302},
  year={2013}
}
@inproceedings{iskandar2019development,
  title={Development of The Nearest Tourism Determination Application using Dijkstra Algorithm},
  author={Iskandar, Edi and Prayitno, Edy and Kurniawati, Deborah and others},
  booktitle={Journal of International Conference Proceedings},
  volume={2},
  number={1},
  pages={32},
  year={2019}
}




@inproceedings{bhagat2013gis,
  title={GIS-Based application for emergency preparedness and management accelerating response system through GIS},
  author={Bhagat, Anshul and Sharma, Nikhil},
  booktitle={Proc. of the 14th Esri India User Conference},
  pages={1--7},
  year={2013}
}
@inproceedings{ahmed2017gis,
  title={GIS-based network analysis for the roads network of the Greater Cairo area},
  author={Ahmed, Sayed and Ibrahim, Romani Farid and Hefny, Hesham A},
  booktitle={Proc. of 2nd International Conference on Applied Research in Computer Science and Engineering},
  year={2017}
}
@article{dabhade2015network,
  title={Network Analysis for Finding Shortest Path in Hospital Information System},
  author={Dabhade, Amrapali and Kale, KV and Gedam, Yogesh},
  journal={International Journal of Advanced Research in Computer Science and Software Engineering},
  volume={5},
  number={7},
  pages={618--623},
  year={2015}
}
@article{elsheikh2016route,
  title={Route network analysis in Khartoum city},
  author={Elsheikh, Ranya Fadlalla Abdalla and Elhag, Abdelrahim and Sideeg, Salah Eddeen Khidir and Mohammed, Aisha Elhadi and Gism, Nagla Ali and Abd Allah, Mohamed Sharif},
  year={2016},
  publisher={Sudan University of Science and Technology}
}
@article{das2019road,
  title={Road network analysis of Guwahati city using GIS},
  author={Das, Debashis and Ojha, Anil Kr and Kramsapi, Harlin and Baruah, Partha P and Dutta, Mrinal Kr},
  journal={SN Applied Sciences},
  volume={1},
  number={8},
  pages={906},
  year={2019},
  publisher={Springer}
}
@article{gill2013identification,
  title={Identification of optimum path for tourist places using GIS based network analysis: a case study of New Delhi},
  author={Gill, N and Bharath, BD},
  journal={International Journal of Advancement in Remote Sensing, GIS and Geography},
  volume={1},
  number={2},
  pages={34--38},
  year={2013}
}
@article{shyti2012impact,
  title={The impact of GIS application in the tourism development of Elbasan region},
  author={Shyti, Bederiana and Kushi, Evis and others},
  journal={The Romanian Economic Journal},
  volume={15},
  number={45},
  pages={189--210},
  year={2012}
}


@online{knuthwebsite,
    author = "General Authority for Statistics ",
    title = "GAS :Hajj statistics 2019",
    url  = "https://www.stats.gov.sa/sites/default/files/haj_40_en.pdf",
    }
 @online{medina,
    author = "Ministry of Municipal and Rural Affairs",
    title = "Medina City Profile 2020",
    url  = "https://unhabitat.org/sites/default/files/2020/04/madinah.pdf",
    }
 
 @inproceedings{chunithipaisan2004online,
  title={Online network analysis from heterogeneous datasets--Case study in London train network},
  author={Chunithipaisan, Sanphet and James, Mr Phil and Parker, David},
  booktitle={Map Asia Conference},
  year={2004},
  organization={Citeseer}
}
@misc{WinNT,
  title = { Why\$25bn tourism sector can become Saudi Arabia's 'white oil},
  howpublished = {\url{https://www.arabianbusiness.com/travel-hospitality/419122-why-25bn-tourism-sector-can-be-saudi-arabias-white-oil}},
  note = {  Accessed: 2019-05-07}
}